@inproceedings{gaiduchenko2019,
  title = {Hypersonic {{Vehicle Trajectory Classification Using Convolutional Neural Network}}},
  booktitle = {2019 {{International Conference}} on {{Engineering}} and {{Telecommunication}} ({{EnT}})},
  author = {Gaiduchenko, Nikolai E. and Gritsyk, Pavel A.},
  date = {2019-11},
  pages = {1--4},
  location = {{Dolgoprudny, Russia}},
  doi = {10/ggxd56},
  url = {https://ieeexplore.ieee.org/document/9030537},
%   eventtitle = {2019 {{International Conference}} on {{Engineering}} and {{Telecommunication}} ({{EnT}})},
  langid = {english}
}

@inproceedings{gaiduchenko2020,
  title = {Multi-{{Step Ballistic Vehicle Trajectory Forecasting Using Deep Learning Models}}},
  booktitle = {2020 {{International Conference}} on {{Engineering}} and {{Telecommunication}} ({{EnT}})},
  author = {Gaiduchenko, Nikolai E. and Gritsyk, Pavel A. and Malashko, Yanka I.},
  date = {2020-11},
  pages = {1--6},
  location = {{Dolgoprudny, Russia}},
%   eventtitle = {2020 {{International Conference}} on {{Engineering}} and {{Telecommunication}} ({{EnT}})},
  langid = {english}
}



% \cvsubsection{59$^{я}$ Международная Конференция МФТИ: Секция общей физики, 2017}{К вопросу о температурной зависимости коэффициента поверхностного натяжения воды. Промежуточные результаты. / Гайдученко Н.Е., Лашинин О.А.}

% \cvsubsection{MIPT 59$^{th}$ International Conference, 2017}{To the question of the temperature dependence of the coefficient of surface tension of water. Intermediate results. / Nikolai Gaiduchenko, Oleg Lashinin}